<?xml version="1.0" encoding="UTF-8"?><collection xmlns="http://www.loc.gov/MARC21/slim"><record><leader>00501nam--2200157-i-4500</leader><controlfield tag="001">000010351</controlfield><controlfield tag="002">20161230</controlfield><controlfield tag="005">20170220001630</controlfield><controlfield tag="008">060222s1000------------r-----000-0-eng-d</controlfield><datafield ind1=" " ind2=" " tag="100"><subfield code="a">Balanescu, Mihai</subfield></datafield><datafield ind1=" " ind2=" " tag="245"><subfield code="a">Contributii la studiul betoanelor de protectie in constructii nucleare</subfield></datafield><datafield ind1=" " ind2=" " tag="260"><subfield code="a">Timisoara</subfield><subfield code="b">Inst.Politehnic Timisoara</subfield><subfield code="c">1971</subfield></datafield><datafield ind1=" " ind2=" " tag="300"><subfield code="a">48 p</subfield></datafield><datafield ind1=" " ind2=" " tag="490"><subfield code="a">Rezumat Al Tezei Pentru Obtinerea Titlului De Doctor Inginer</subfield></datafield><datafield ind1=" " ind2=" " tag="852"><subfield code="a">621.039.58:693.5:015</subfield></datafield><datafield ind1=" " ind2=" " tag="CAT"><subfield code="a">SYS</subfield><subfield code="c">20170220</subfield><subfield code="h">001630</subfield></datafield></record></collection>